%Bibliography for final paper in Math 331

@book{strogatz_1994, 
place={Reading, MA}, 
title={Nonlinear dynamics and Chaos: with applications to physics, biology, chemistry, and engineering},
publisher={Addison-Wesley Pub.}, 
author={Strogatz, Steven H.}, 
year={1994}
}


@article{wang_2016,
author={Wang, Xiaoying; Zanette, Liana; Zou, Xingfu},
title={Modelling the fear effect in predator–prey interactions},
journal={Mathematical Biology​}, 
year={2016}, 
volume={73},
pages={1179–1204}
}

@book{brauer_2014, 
place={College Park, MD},
title={Mathematical models in population biology and epidemiology},
publisher={Springer}, author={Brauer, F.},
year={2014}
}

@article{appelbaum_2000,
author={Appelbaum, Elizabeth Berman},
title={A Simulation to Model Exponential Growth},
journal={Mathematics Teacher​}, 
month={Oct},
year={2000}, 
volume={93},
issue={7},
pages={614-615}
}

@article{brown_2005,
author={Brown, Betty},
title={Exponential Growth Through Pattern Exploration},
journal={Mathematics Teacher​}, 
month={Feb},
year={2005}, 
volume={98},
issue={6},
pages={434}
}

@article{edwards_2009,
author={ Thomas G. 	Edwards, Asli Özgün-Koca, Kathleen Lynch-Davis and Tracy Goodson Espy},
title={Creating a Mathematical "B" Movie: The Effect of b on the Graph of a Quadratic},
journal={Mathematics Teacher​}, 
month={Oct},
year={2009}, 
volume={103},
issue={3},
pages={214-220}
}

@misc{desmos, 
title = {Desmos Graphing Calculator},
year = {2018},
howpublished = {\url{http://www.desmos.com/calculator}},
note = {Accessed Apr. 2018}
}